%!TEX root = qualificacao.tex
@book{wolfram2002,
  title     = {A new kind of science},
  author    = {Wolfram, Stephen},
  volume    = {5},
  year      = {2002},
  publisher = {Wolfram media Champaign}
}

@article{Betel2013,
  title     = {Solving the parity problem in one-dimensional cellular automata},
  author    = "Heather Betel and {De Oliveira}, Pedro Paulo Balbi and Paola Flocchini",
  journal   = {Natural Computing},
  volume    = {12},
  number    = {3},
  pages     = {323-337},
  year      = {2013}
}

@article{deOliveira2014density,
  title     = {On Density Determination With Cellular Automata: Results, Constructions and Directions.},
  author    = {{De Oliveira}, Pedro P. B.},
  journal   = {Journal of Cellular Automata},
  volume    = {9},
  number    = {5-6},
  pages     = {357--385},
  year      = {2014}
}

@article{wolz2008very,
  title     = {Very Effective Evolutionary Techniques for Searching Cellular Automata Rule Spaces.},
  author    = {Wolz, Dietmar and {De Oliveira}, Pedro Paulo Balbi},
  journal   = {J. Cellular Automata},
  volume    = {3},
  number    = {4},
  pages     = {289--312},
  year      = {2008}
}

@article{deOliveira2014,
  title     = {Representing Families of Cellular Automata Rules},
  author    = {{De Oliveira}, Pedro Paulo Balbi and Maur{\i}cio Verardo}, 
  journal   = {The Mathematica Journal},
  volume    = {16},
  number    = {8},
  year      = 2014
}

@incollection{deOliveira2014b,
  title     = "Template based representation of cellular automata rules",
  author    = "{De Oliveira}, Pedro Paulo Balbi and Maur{\i}cio Verardo",
  booktitle = {20th International Workshop on Cellular Automata and Discrete Complex Systems},
  pages     = {199-204},
  editor    = "T. Isokawa and K. Imai and N. Matsiu and F. Peper and H. Umeo",
  address   = "Himeji, Japão, Julho 7-9",
  year      = 2014
}

@book{wolfram1994cellular,
  title     = {Cellular automata and complexity: collected papers},
  author    = {Wolfram, Stephen},
  volume    = {1},
  year      = {1994},
  publisher = {Addison-Wesley Reading}
}

@article{boccara2002,
  title     = {Number-conserving cellular automaton rules},
  author    = {Boccara, Nino and {Fuk\'{s}}, Henryk},
  journal   = {Fundamenta Informaticae},
  volume    = {52},
  number    = {1-3},
  pages     = {1--13},
  year      = {2002},
  publisher = {IOS Press}
}

@incollection{salo2013color,
  title     = {Color blind cellular automata},
  author    = {Salo, Ville and T{\"o}rm{\"a}, Ilkka},
  booktitle = {Cellular Automata and Discrete Complex Systems},
  pages     = {139--154},
  year      = {2013},
  publisher = {Springer}
}

@manual{CATemplates,
  title     = "CATemplates",
  author    = "Maurício Verardo and {De Oliveira}, Pedro P. B.", 
  note      = {https://github.com/mverardo/CATemplates},
  number    = "0",
  year      = "2015"
}